<?xml version="1.0" encoding="utf-8"?>
<record xmlns="http://www.loc.gov/MARC21/slim" xmlns:xsi="http://www.w3.org/2001/XMLSchema-instance" xsi:schemaLocation="http://www.loc.gov/MARC21/slim http://www.loc.gov/standards/marcxml/schema/MARC21slim.xsd">
	<leader>     nam a22     Mi 4500</leader>
	<controlfield tag="001">b12498464</controlfield>
	<controlfield tag="003">LeBAU</controlfield>
	<controlfield tag="006">m        d        </controlfield>
	<controlfield tag="007">cr cn |||m|||a</controlfield>
	<controlfield tag="008">210422s1932    ua      o     ||0 0 ara d</controlfield>
	<datafield ind1=" " ind2=" " tag="040">
		<subfield code="a">ZYU</subfield>
		<subfield code="b">ara</subfield>
		<subfield code="e">rda</subfield>
		<subfield code="c">ZYU</subfield>
	</datafield>
	<datafield ind1="0" ind2="4" tag="082">
		<subfield code="a">615</subfield>
		<subfield code="2">23</subfield>
	</datafield>
	<datafield ind1="1" ind2=" " tag="100">
		<subfield code="6">880-01</subfield>
		<subfield code="a">ʻAṭṭār al-Hārūnī, Dāwud ibn Abī Naṣr,</subfield>
		<subfield code="d">active 13th century.</subfield>
		<subfield code="e">author.</subfield>
		<subfield code="0">http://id.loc.gov/authorities/names/n89188648 ,</subfield>
	</datafield>
	<datafield ind1="1" ind2="0" tag="245">
		<subfield code="6">880-02</subfield>
		<subfield code="a">Kitāb Minhāj al-dukkān wa-dustūr al-aʻyān fī aʻmāl wa-tarākīb al-adwiyah al-nāfiʻah lil-abdān /</subfield>
		<subfield code="c">taʼlīf Aflāṭūn zamānihi wa-raʼīs awānihi Abī al-Muná Abī Naṣr al-ʻAṭṭār al-Isrāʼīlī al-Hārūnī.</subfield>
	</datafield>
	<datafield ind1="3" ind2="0" tag="246">
		<subfield code="6">880-03</subfield>
		<subfield code="a">Minhāj al-dukkān wa-dustūr al-aʻyān fī aʻmāl wa-tarākīb al-adwiyah al-nāfiʻah lil-abdān</subfield>
	</datafield>
	<datafield ind1=" " ind2="1" tag="264">
		<subfield code="6">880-04</subfield>
		<subfield code="a">[Miṣr] :</subfield>
		<subfield code="b">[ʻAlī Muḥammad ʻAbd al-Laṭīf al-Khaṭīb],</subfield>
		<subfield code="c">1351 H., [1932? M.]</subfield>
	</datafield>
	<datafield ind1=" " ind2=" " tag="300">
		<subfield code="6">880-05</subfield>
		<subfield code="a">online resource (288 pages)</subfield>
	</datafield>
	<datafield ind1=" " ind2=" " tag="336">
		<subfield code="a">text</subfield>
		<subfield code="2">rdacontent</subfield>
	</datafield>
	<datafield ind1=" " ind2=" " tag="337">
		<subfield code="a">computer</subfield>
		<subfield code="2">rdamedia</subfield>
	</datafield>
	<datafield ind1=" " ind2=" " tag="338">
		<subfield code="a">online resource</subfield>
		<subfield code="2">rdacarrier</subfield>
	</datafield>
	<datafield ind1=" " ind2=" " tag="500">
		<subfield code="a">Part of the Arabic Collections Online (ACO) project, contributed by American University of Beirut's Jafet Memorial Library.</subfield>
	</datafield>
	<datafield ind1=" " ind2=" " tag="533">
		<subfield code="a">Electronic reproduction.</subfield>
		<subfield code="b">New York, N.Y. :</subfield>
		<subfield code="c">New York University,</subfield>
		<subfield code="d">2021.</subfield>
		<subfield code="5">NNU</subfield>
	</datafield>
	<datafield ind1=" " ind2="4" tag="650">
		<subfield code="a">الطب العربي</subfield>
		<subfield code="v">اعمال قديمة حتى 1800.</subfield>
	</datafield>
	<datafield ind1=" " ind2="4" tag="650">
		<subfield code="a">المادة الطبية</subfield>
		<subfield code="v">وصفات طبية</subfield>
		<subfield code="v">اعمال قديمة حتى 1800.</subfield>
	</datafield>
	<datafield ind1=" " ind2="0" tag="650">
		<subfield code="a">Medicine, Arab</subfield>
		<subfield code="v">Early works to 1800.</subfield>
	</datafield>
	<datafield ind1=" " ind2="0" tag="650">
		<subfield code="a">Medicine</subfield>
		<subfield code="v">Formulae, receipts, prescriptions</subfield>
		<subfield code="v">Early works to 1800.</subfield>
	</datafield>
	<datafield ind1="2" ind2=" " tag="710">
		<subfield code="a">Jafet Memorial Library.</subfield>
	</datafield>
	<datafield ind1="0" ind2=" " tag="730">
		<subfield code="a">Arabic Collections Online.</subfield>
	</datafield>
	<datafield ind1="0" ind2="8" tag="775">
		<subfield code="6">880-06</subfield>
		<subfield code="i">has designation of edition</subfield>
		<subfield code="4">http://rdaregistry.info/Elements/m/P30133 :</subfield>
		<subfield code="a">ʻAṭṭār al-Hārūnī, Dāwud ibn Abī Naṣr, active 13th century.</subfield>
		<subfield code="t">Minhāj al-dukkān wa-dustūr al-aʻyān fī aʻmāl wa-tarākīb al-adwiyah al-nāfiʻah lil-abdān.</subfield>
		<subfield code="b">al-Ṭabʻah al-akhīrah al-munaqqaḥah.</subfield>
		<subfield code="d">Miṣr : Sharikat Maktabat wa-Maṭbaʻat Muṣṭafá al-Bābī al-Ḥalabī wa-Awlāduh, 1391 H. = 1971 M.</subfield>
		<subfield code="w">(OCoLC)784360767</subfield>
		<subfield code="w">(OCoLC)784360767</subfield>
	</datafield>
	<datafield ind1="0" ind2="8" tag="776">
		<subfield code="i">Print version:</subfield>
		<subfield code="a">ʻAṭṭār al-Hārūnī, Dāwud ibn Abī Naṣr, active 13th century. author. http://id.loc.gov/authorities/names/n89188648 ,</subfield>
		<subfield code="t">Kitāb Minhāj al-dukkān wa-dustūr al-aʻyān fī aʻmāl wa-tarākīb al-adwiyah al-nāfiʻah lil-abdān</subfield>
		<subfield code="w">(LeBAU)b12498464</subfield>
	</datafield>
	<datafield ind1="4" ind2="0" tag="856">
		<subfield code="u">http://hdl.handle.net/2333.1/bcc2g2br</subfield>
	</datafield>
	<datafield ind1="1" ind2=" " tag="880">
		<subfield code="6">100-01</subfield>
		<subfield code="a">العطار الهاروني، داود بن ابي نصر،</subfield>
		<subfield code="d">اشتهر في القرن 13،</subfield>
		<subfield code="0">http://id.loc.gov/authorities/names/n89188648 ,</subfield>
		<subfield code="e">مؤلف. </subfield>
		<subfield code="4">aut.</subfield>
	</datafield>
	<datafield ind1="1" ind2="0" tag="880">
		<subfield code="6">245-02</subfield>
		<subfield code="a">كتاب منهاج الدكان ودستور الأعيان في أعمال وتركيب الادوية النافعة للأبدان /</subfield>
		<subfield code="c">تأليف أفلاطون زمانه ورئيس أوانه أبي المنى أبي نصر العطار الإسرائيلي الهاروني.</subfield>
	</datafield>
	<datafield ind1="3" ind2="0" tag="880">
		<subfield code="6">246-03</subfield>
		<subfield code="a">منهاج الدكان ودستور الأعيان في أعمال وتركيب الادوية النافعة للأبدان</subfield>
	</datafield>
	<datafield ind1=" " ind2="1" tag="880">
		<subfield code="6">264-04</subfield>
		<subfield code="a">[مصر] :</subfield>
		<subfield code="b">[علي محمد عبد اللطيف الخطيب]،</subfield>
		<subfield code="c">1351 هـ.، [1932؟ م.]</subfield>
	</datafield>
	<datafield ind1=" " ind2=" " tag="880">
		<subfield code="6">300-05</subfield>
		<subfield code="a">288 صفحة ؛</subfield>
		<subfield code="c">20 سم</subfield>
	</datafield>
	<datafield ind1="0" ind2="8" tag="880">
		<subfield code="6">775-06</subfield>
		<subfield code="i">دلالة على الطبعة</subfield>
		<subfield code="4">http://rdaregistry.info/Elements/m/P30133 :</subfield>
		<subfield code="a">العطار الهاروني، داود بن ابي نصر، اشتهر في القرن 13.</subfield>
		<subfield code="t">منهاج الدكان ودستور الأعيان في أعمال وتركيب الادوية النافعة للأبدان.</subfield>
		<subfield code="b">الطبعة الاخيرة المنقحة.</subfield>
		<subfield code="d">مصر : شركة مكتبة ومطبعة مصطفى البابي الحلبي وأولاده، 1391 هـ. = 1971 م.</subfield>
		<subfield code="w">(LEAUB)b12498506</subfield>
		<subfield code="w">(OCoLC)784360767</subfield>
	</datafield>
	<datafield ind1=" " ind2=" " tag="959">
		<subfield code="a">NNU</subfield>
		<subfield code="b">WEB</subfield>
		<subfield code="c">GENI</subfield>
		<subfield code="t">0</subfield>
		<subfield code="m">Electronic access</subfield>
		<subfield code="s">01</subfield>
	</datafield>
	<datafield ind1=" " ind2=" " tag="999">
		<subfield code="i">LeBAU_b12498464</subfield>
		<subfield code="s">aub_aco004426</subfield>
		<subfield code="e">(ERROR-MISC)</subfield>
	</datafield>
</record>
